@Comment(BIBTEMPLATE .)
@Comment(BIBREFERENCES stdalphabetic)
@Comment{BIBSEPARATORS ",;&"}



@STRING{jar     = "Journal of Automated Reasoning"}
@STRING{ipl     = "Information Processing Letters"}
@STRING{funinf  = "Fundamenta Informaticae"}


@inproceedings{malozemoff2014automated,
	title={Automated analysis and synthesis of block-cipher modes of operation},
	author={Malozemoff, Alex J and Katz, Jonathan and Green, Matthew D},
	booktitle={Computer Security Foundations Symposium (CSF), 2014 IEEE 27th},
	pages={140--152},
	year={2014},
	organization={IEEE}
}

@article{TiuGD-LMCS10,
	Author = {Alwen Tiu and Rajeev Gor{\'{e}} and Jeremy E. Dawson},
	Journal = {Logical Methods in Computer Science},
	Number = {3},
	Title = {A Proof Theoretic Analysis of Intruder Theories},
	Volume = {6},
	Year = {2010}
}
	


@article{DBLP:journals/tocl/BaudetCD13,
  author    = {Mathieu Baudet and
               V{\'{e}}ronique Cortier and
               St{\'{e}}phanie Delaune},
  title     = {{YAPA:} {A} Generic Tool for Computing Intruder Knowledge},
  journal   = {{ACM} Trans. Comput. Log.},
  volume    = {14},
  number    = {1},
  pages     = {4},
  year      = {2013}
}

@inproceedings{DBLP:conf/rta/ConchinhaBC11,
  author    = {Bruno Conchinha and
               David A. Basin and
               Carlos Caleiro},
  editor    = {Manfred Schmidt{-}Schau{\ss}},
  title     = {{FAST:} An Efficient Decision Procedure for Deduction and Static Equivalence},
  booktitle = {Proceedings of {RTA} 2011, Novi Sad, Serbia},
  series    = {LIPIcs},
  volume    = {10},
  pages     = {11--20},
  publisher = {Schloss Dagstuhl - Leibniz-Zentrum fuer Informatik},
  year      = {2011}
 }



@article{DBLP:journals/jar/CiobacaDK12,
  author    = {\c{S}tefan Ciob\^ac\u{a} and
               St{\'{e}}phanie Delaune and
               Steve Kremer},
  title     = {Computing Knowledge in Security Protocols Under Convergent Equational
               Theories},
  journal   = {J. Autom. Reasoning},
  volume    = {48},
  number    = {2},
  pages     = {219--262},
  year      = {2012}
 }

@inproceedings{DBLP:conf/rta/Turuani06,
  author    = {Mathieu Turuani},
  editor    = {Frank Pfenning},
  title     = {The {CL-Atse} Protocol Analyser},
  booktitle = {Term Rewriting and Applications, 17th International Conference, {RTA}
               2006, Seattle, WA, USA, August 12-14, 2006, Proceedings},
  series    = {Lecture Notes in Computer Science},
  volume    = {4098},
  pages     = {277--286},
  publisher = {Springer},
  year      = {2006}
}


@article{DBLP:journals/tcs/ChevalierR10,
  author    = {Yannick Chevalier and
               Micha{\"{e}}l Rusinowitch},
  title     = {Symbolic protocol analysis in the union of disjoint intruder theories:
               Combining decision procedures},
  journal   = {Theor. Comput. Sci.},
  volume    = {411},
  number    = {10},
  pages     = {1261--1282},
  year      = {2010}
}

@article{DBLP:journals/iandc/ChevalierR08,
  author    = {Yannick Chevalier and
               Micha{\"{e}}l Rusinowitch},
  title     = {Hierarchical combination of intruder theories},
  journal   = {Inf. Comput.},
  volume    = {206},
  number    = {2-4},
  pages     = {352--377},
  year      = {2008}
}



@inproceedings{Armando-etal-CAV05,
  author    = {Alessandro Armando and
               David A. Basin and
               Yohan Boichut and
               Yannick Chevalier and
               Luca Compagna and
               Jorge Cu{\'{e}}llar and
               Paul Hankes Drielsma and
               Pierre{-}Cyrille H{\'{e}}am and
               Olga Kouchnarenko and
               Jacopo Mantovani and
               Sebastian M{\"{o}}dersheim and
               David von Oheimb and
               Micha{\"{e}}l Rusinowitch and
               Judson Santiago and
               Mathieu Turuani and
               Luca Vigan{\`{o}} and
               Laurent Vigneron},
  editor    = {Kousha Etessami and
               Sriram K. Rajamani},
  title     = {The {AVISPA} Tool for the Automated Validation of Internet Security
               Protocols and Applications},
  booktitle = {Computer Aided Verification, 17th International Conference, {CAV}
               2005, Edinburgh, Scotland, UK, Proceedings},
  series    = {Lecture Notes in Computer Science},
  volume    = {3576},
  pages     = {281--285},
  publisher = {Springer},
  year      = {2005}
}


@article{DBLP:journals/tcs/KuriharaO92,
  author    = {Masahito Kurihara and
               Azuma Ohuchi},
  title     = {Modularity of Simple Termination of Term Rewriting Systems with Shared
               Constructors},
  journal   = {Theor. Comput. Sci.},
  volume    = {103},
  number    = {2},
  pages     = {273--282},
  year      = {1992}
}



@article{DBLP:journals/siamcomp/JouannaudK86,
  author    = {Jean{-}Pierre Jouannaud and
               H{\'{e}}l{\`{e}}ne Kirchner},
  title     = {Completion of a Set of Rules Modulo a Set of Equations},
  journal   = {{SIAM} J. Comput.},
  volume    = {15},
  number    = {4},
  pages     = {1155--1194},
  year      = {1986},
  url       = {http://dx.doi.org/10.1137/0215084},
  doi       = {10.1137/0215084},
  timestamp = {Tue, 01 Feb 2011 14:01:33 +0100},
  biburl    = {http://dblp.uni-trier.de/rec/bib/journals/siamcomp/JouannaudK86},
  bibsource = {dblp computer science bibliography, http://dblp.org}
}


@inproceedings{LynchM02,
  author    = {Christopher Lynch and
               Barbara Morawska},
  title     = {Basic Syntactic Mutation},
  booktitle = {Automated Deduction - CADE-18, 18th International Conference on Automated
               Deduction, Copenhagen, Denmark, July 27-30, 2002, Proceedings},
  year      = {2002},
  pages     = {471--485},
  series    = {Lecture Notes in Computer Science},
  volume    = {2392},
  publisher = {Springer},
  editor    = {Andrei Voronkov}
}

@article{Nieuwenhuis98,
  author    = {Robert Nieuwenhuis},
  title     = {Decidability and Complexity Analysis by Basic Paramodulation},
  journal   = {Inf. Comput.},
  year      = {1998},
  volume    = {147},
  number    = {1},
  pages     = {1--21}
}


@article{ComonHJ94,
  author    = {Hubert Comon and
               Marianne Haberstrau and
               Jean{-}Pierre Jouannaud},
  title     = {Syntacticness, Cycle-Syntacticness, and Shallow Theories},
  journal   = {Inf. Comput.},
  year      = {1994},
  volume    = {111},
  number    = {1},
  pages     = {154--191}
}



@article{Ringeissen96,
  author    = {Christophe Ringeissen},
  title     = {Combining Decision Algorithms for Matching in the Union
               of Disjoint Equational Theories},
  journal   = {Inf. Comput.},
  volume    = {126},
  number    = {2},
  year      = {1996},
  pages     = {144-160}
}


@article{Nipkow91,
  author    = {Tobias Nipkow},
  title     = {Combining Matching Algorithms: The Regular Case},
  journal   = {J. Symb. Comput.},
  volume    = {12},
  number    = {6},
  year      = {1991},
  pages     = {633-654}
}





@InCollection{ ALLNR08,
	author = {Siva Anantharaman and Hai Lin and Christopher Lynch and Paliath Narendran and Micha{\"e}l Rusinowitch},
	affiliation = "Universit{\'e} dâ€™Orl{\'e}ans (Fr.)",
	title = "Unification Modulo Homomorphic Encryption",
	booktitle = "Frontiers of Combining Systems",
	series = "Lecture Notes in Computer Science",
	editor = "Silvio Ghilardi and Roberto Sebastiani",
	publisher = "Springer Berlin / Heidelberg",
	isbn = "978-3-642-04221-8",
	keyword = "Computer Science",
	pages = "100--116",
	volume = "5749",
	note = "10.1007/978-3-642-04222-5\_6",
	year = "2009"
}

@inproceedings{ALLNR10,
  author    = {Siva Anantharaman and
               Hai Lin and
               Christopher Lynch and
               Paliath Narendran and
               Micha{\"e}l Rusinowitch},
  title     = {Cap unification: application to protocol security modulo
               homomorphic encryption},
  booktitle = {ASIACCS},
  year      = {2010},
  pages     = {192-203},
  ee        = {http://doi.acm.org/10.1145/1755688.1755713},
  crossref  = {DBLP:conf/ccs/2010asia},
  bibsource = {DBLP, http://dblp.uni-trier.de}
}

@proceedings{DBLP:conf/ccs/2010asia,
  editor    = {Dengguo Feng and
               David A. Basin and
               Peng Liu},
  title     = {Proceedings of the 5th ACM Symposium on Information, Computer
               and Communications Security, ASIACCS 2010, Beijing, China,
               April 13-16, 2010},
  booktitle = {ASIACCS},
  publisher = {ACM},
  year      = {2010},
  isbn      = {978-1-60558-936-7},
  bibsource = {DBLP, http://dblp.uni-trier.de}
}

@Book{Baader98,
	address = "New York, NY, USA",
	author = "Franz Baader and Tobias Nipkow",
	citeulike-article-id = "8969490",
	keywords = "grappa-db",
	posted-at = "2011-03-09 13:51:11",
	priority = "2",
	publisher = "Cambridge University Press",
	title = "{Term rewriting and all that}",
	year = "1998"
}

@article{BS92,
title = "Unification in the Union of Disjoint Equational Theories: Combining Decision Procedures",
journal = "Journal of Symbolic Computation",
volume = "21",
number = "2",
pages = "211 - 243",
year = "1996",
issn = "0747-7171",
author = "Franz Baader and Klaus U. Schulz"
}



@article{BaaderT02,
  author    = {Franz Baader and
               Cesare Tinelli},
  title     = {Deciding the Word Problem in the Union of Equational Theories},
  journal   = {Inf. Comput.},
  volume    = {178},
  number    = {2},
  pages     = {346--390},
  year      = {2002}
}



@InCollection{Baader02,
	author = "Franz Baader and Cesare Tinelli",
	affiliation = "TU Dresden Germany",
	title = "Combining Decision Procedures for Positive Theories Sharing Constructors",
	booktitle = "Rewriting Techniques and Applications",
	series = "LNCS",
	editor = "Sophie Tison",
	publisher = "Springer",
	isbn = "978-3-540-43916-5",
	keyword = "Computer Science",
	pages = "151--246",
	volume = "2378",
	year = "2002"
}

@article{CKRT,
 author = {Chevalier, Yannick and K\"{u}sters, Ralf and Rusinowitch, Micha\"{e}l and Turuani, Mathieu},
 title = {Complexity results for security protocols with {D}iffie-{H}ellman exponentiation and commuting public key encryption},
 journal = {ACM Trans. Comput. Logic},
 volume = {9},
 issue = {4},
 month = {August},
 year = {2008},
 issn = {1529-3785},
 pages = {24:1--24:52},
 articleno = {24},
 numpages = {52},
 acmid = {1380573},
 publisher = {ACM},
 address = {New York, NY, USA},
 keywords = {Algebraic properties, Diffie-Hellman exponentiation, Dolev-Yao model, complexity, protocols},
} 

@inproceedings{DKR,
  author    = {Eric Domenjoud and
               Francis Klay and
               Christophe Ringeissen},
  editor    = {Alan Bundy},
  title     = {Combination Techniques for Non-Disjoint Equational Theories},
  booktitle = {Automated Deduction - CADE-12, 12th International Conference on Automated
               Deduction, Nancy, France, June 26 - July 1, 1994, Proceedings},
  series    = {Lecture Notes in Computer Science},
  volume    = {814},
  pages     = {267--281},
  publisher = {Springer},
  year      = {1994}
}


@article{EMS-wrla08,
  author    = {Santiago Escobar and
               Jos{\'e} Meseguer and
               Ralf Sasse},
  title     = {Variant Narrowing and Equational Unification},
  journal   = {Electronic Notes Theor. Comput. Science},
  volume    = {238},
  number    = {3},
  year      = {2009},
  pages     = {103-119},
  ee        = {http://dx.doi.org/10.1016/j.entcs.2009.05.015},
  bibsource = {DBLP, http://dblp.uni-trier.de}
}


@inproceedings{EscobarSM10,
  author    = {Santiago Escobar and
               Ralf Sasse and
               Jos{\'e} Meseguer},
  title     = {Folding Variant Narrowing and Optimal Variant Termination},
  booktitle = {WRLA},
  year      = {2010},
  pages     = {52-68},
  ee        = {http://dx.doi.org/10.1007/978-3-642-16310-4_5},
  crossref  = {DBLP:conf/wrla/2010},
  bibsource = {DBLP, http://dblp.uni-trier.de}
}

@inproceedings{Baader00,
  author    = {Franz Baader and
		Cesare Tinelli},
  title     = {Combining Equational Theories Sharing Non-Collapse-Free Constructors},
  booktitle = {Proceedings of the 3rd International Workshop on Frontiers of Combining Systems, (FroCoS' 2000)},
  series    = {LNAI},
  volume    = {1794},
  publisher = {Springer-Verlag},
  year      = {2000},
  pages     = {260-274},
}

@proceedings{DBLP:conf/wrla/2010,
  editor    = {Peter Csaba {\"O}lveczky},
  title     = {Rewriting Logic and Its Applications - 8th International
               Workshop, WRLA 2010, Held as a Satellite Event of ETAPS
               2010, Paphos, Cyprus, March 20-21, 2010, Revised Selected
               Papers},
  booktitle = {WRLA},
  publisher = {Springer},
  series    = {Lecture Notes in Computer Science},
  volume    = {6381},
  year      = {2010},
  isbn      = {978-3-642-16309-8},
  ee        = {http://dx.doi.org/10.1007/978-3-642-16310-4},
  bibsource = {DBLP, http://dblp.uni-trier.de}
}


@article{Fages,
title = "Associative-commutative unification",
journal = "Journal of Symbolic Computation",
volume = "3",
number = "3",
pages = "257 - 275",
year = "1987",
note = "",
issn = "0747-7171",
author = "FranÃ§ois and Fages"
}

@inproceedings{narendran10B,
  author    = {Deepak Kapur and
               Andrew M. Marshall and
               Paliath Narendran},
  title     = {Unification modulo a partial theory of exponentiation},
  booktitle = {Proceedings of-2010},
  year      = {2010},
  pages     = {12-23},
  ee        = {http://dx.doi.org/10.4204/EPTCS.42.2},
  crossref  = {DBLP:journals/corr/abs-1012-4554},
  bibsource = {DBLP, http://dblp.uni-trier.de}
}

@proceedings{DBLP:journals/corr/abs-1012-4554,
  editor    = {Maribel Fernandez},
  title     = {Proceedings 24th International Workshop on Unification},
  booktitle = {UNIF-2010},
  series    = {EPTCS},
  volume    = {42},
  year      = {2010},
  ee        = {http://dx.doi.org/10.4204/EPTCS.42},
  bibsource = {DBLP, http://dblp.uni-trier.de}
}

@Article{ KN92,
	author = "Deepak Kapur and Paliath Narendran",
	title = "Complexity of unification problems with associative-commutative operators",
	journal = "Journal of Automated Reasoning",
	publisher = "Springer Netherlands",
	issn = "0168-7433",
	keyword = "Computer Science",
	pages = "261--288",
	volume = "9",
	issue = "2",
	year = "1992"
}


@inproceedings{KN92lics,
  author    = {Deepak Kapur and
               Paliath Narendran},
  title     = {Double-exponential Complexity of Computing a Complete Set
               of {AC}-Unifiers},
  booktitle = {Logic in Computer Science},
  year      = {1992},
  pages     = {11-21},
  crossref  = {DBLP:conf/lics/LICS7},
  bibsource = {DBLP, http://dblp.uni-trier.de}
}

@proceedings{DBLP:conf/lics/LICS7,
  title     = {Proceedings, Seventh Annual IEEE Symposium on Logic in Computer
               Science, 22-25 June 1992, Santa Cruz, California, USA},
  booktitle = {LICS},
  publisher = {IEEE Computer Society},
  year      = {1992},
  bibsource = {DBLP, http://dblp.uni-trier.de}
}

                  

@INPROCEEDINGS{Meadows02,
    author = {Catherine Meadows and Paliath Narendran},
    title = {A Unification Algorithm for the Group Diffie-Hellman Protocol},
    booktitle = {Proceedings of WITS-2002},
    year = {2002},
    pages = {14--15},
    publisher = {},
}

@article{Millen-Shmatikov,
 author = {Millen, Jonathan and Shmatikov, Vitaly},
 title = {Symbolic protocol analysis with an Abelian group operator or Diffie--Hellman exponentiation},
 journal = {J. Comput. Security},
 volume = {13},
 issue = {4},
 month = {July},
 year = {2005},
 issn = {0926-227X},
 pages = {695--695},
 numpages = {1},
 acmid = {1239371},
 publisher = {IOS Press},
 address = {Amsterdam, The Netherlands, The Netherlands},
} 

@article{Pland1,
 author = {Plandowski, Wojciech},
 title = {Satisfiability of word equations with constants is in PSPACE},
 journal = {Journal of the ACM},
 volume = {51},
 issue = {3},
 month = {May},
 year = {2004},
 issn = {0004-5411},
 pages = {483--496},
 numpages = {14},
 acmid = {990312},
 publisher = {ACM},
 address = {New York, NY, USA},
 keywords = {String unification, word equations},
} 

@article{Plotkin,
 author = {G. Plotkin},
 title = {Building in Equational Theories},
 journal = {Machine Intelligence},
 volume = {7},
 year = {1972},
 pages = {73--90},
}

@article{Rubio99a,
title = "A Fully Syntactic AC-RPO",
journal = "Information and Computation",
volume = "178",
number = "2",
pages = "515 - 533",
year = "2002",
note = "",
issn = "0890-5401",
author = "A. Rubio"
}


@book{ChangLee,
     author = {Chin-Liang Chang and Richard Char-Tung Lee},
     title = {Symbolic Logic and Mechanical Theorem Proving},
     year = {1973},
     publisher = {Academic Press},
     address = {New York},
     annote   = "{Classic textbook.}"
}



@book{Leitsch,
     author = {Alexander Leitsch},
     title = {The Resolution Calculus},
     year = {1997},
     publisher = {Springer},
     address = {}
}



@book{Gallierbook,
     author = {Jean Gallier},
     title = {Logic for Computer Science: Foundations of Automatic Theorem Proving},
     year = {1986},
     publisher = {Wiley},
     address = {},
     annote   = "{Available online at {\tt www.cis.upenn.edu/\~{ }jean/gbooks/logic.html}}"
}



@book{Schoning,
     author = {Uwe Sch\"{o}ning},
     title = {Logic For Computer Scientists},
     year = {1989},
     publisher = {Birkhaeuser Verlag},
     address = {},
     annote   = "{There is a review of this book in SIGACT 
News~36~(3) (Sept.~2005).}"
}



@book{NerodeShore,
 author = {Anil Nerode and Richard Shore},
 title = {Logic for Applications},
 year = {1997},
 isbn = {0387948937},
 publisher = {Springer-Verlag New York, Inc.},
 address = {Secaucus, NJ, USA},
 annote = "{There are chapters on PROLOG, Modal logic and Intuitionistic logic.
The bibliography is extensive.}"
 }







@book{RobVoron,
     author = {J. Alan Robinson and Andrei Voronkov},
     title = {Handbook of Automated Reasoning},
     year = {2001},
     publisher = {MIT Press},
     address = {}
}


@inproceedings{Comon-LundhD05,
  author    = {Hubert Comon-Lundh and
               St{\'e}phanie Delaune},
  title     = {The Finite Variant Property: How to Get Rid of Some Algebraic
               Properties},
  booktitle = {Rewriting Techniques and Applications},
  year      = {2005},
  pages     = {294-307},
  ee        = {http://dx.doi.org/10.1007/978-3-540-32033-3_22},
  crossref  = {DBLP:conf/rta/2005},
  bibsource = {DBLP, http://dblp.uni-trier.de}
}

@proceedings{DBLP:conf/rta/2005,
  editor    = {J{\"u}rgen Giesl},
  title     = {Term Rewriting and Applications, 16th International Conference,
               RTA 2005, Nara, Japan, April 19-21, 2005, Proceedings},
  booktitle = {Rewriting Techniques and Applications},
  publisher = {Springer},
  series    = {Lecture Notes in Computer Science},
  volume    = {3467},
  year      = {2005},
  isbn      = {3-540-25596-6},
  bibsource = {DBLP, http://dblp.uni-trier.de}
}


@article{ClavelDELMMQ02,
  author    = {Manuel Clavel and
               Francisco Dur{\'a}n and
               Steven Eker and
               Patrick Lincoln and
               Narciso Mart\'{\i}-Oliet and
               Jos{\'e} Meseguer and
               Jose F. Quesada},
  title     = {Maude: specification and programming in rewriting logic},
  journal   = {Theor. Computer Science},
  volume    = {285},
  number    = {2},
  year      = {2002},
  pages     = {187-243},
  ee        = {http://dx.doi.org/10.1016/S0304-3975(01)00359-0},
  bibsource = {DBLP, http://dblp.uni-trier.de}
}



@book{Bundy,
     author = {Alan Bundy},
     title = {The Computer Modelling of Mathematical Reasoning},
     year = {1983},
     publisher = {Academic Press},
     address = {}
}


@book{Wos,
     author = {Larry Wos and Ross Overbeek and Rusty Lusk and Jim Boyle},
     title = {Automated Reasoning: Introduction and Applications},
     year = {1992},
     publisher = {McGraw-Hill},
     address = {}
}



@book{Fitting,
     author = {Melvin Fitting},
     title = {First-Order Logic and Automated Theorem Proving},
     year = {1990},
     publisher = {Springer-Verlag},
     address = {}
}







@article{Narendran96,
  author    = {Paliath Narendran},
  title     = "Unification Modulo {ACI} + 1 + 0" ,
  journal   = funinf,
  volume    = {25},
  number    = {1},
  year      = {1996},
  pages     = {49-57},
  bibsource = {DBLP, http://dblp.uni-trier.de}
}



@article{DowlingG84,
  author    = {William F. Dowling and
               Jean H. Gallier},
  title     = {Linear-Time Algorithms for Testing the Satisfiability of
               Propositional {H}orn Formulae},
  journal   = {J. Logic Programming},
  volume    = {1},
  number    = {3},
  year      = {1984},
  pages     = {267-284},
  bibsource = {DBLP, http://dblp.uni-trier.de}
}





@inproceedings{Cook71,
  author    = {Stephen A. Cook},
  title     = {The Complexity of Theorem-Proving Procedures},
  booktitle = {Third Annual ACM Symposium on Theory of Computing (STOC)},
  year      = {1971},
  pages     = {151-158},
  crossref  = {DBLP:conf/stoc/STOC3},
  bibsource = {DBLP, http://dblp.uni-trier.de}
}



@proceedings{DBLP:conf/stoc/STOC3,
  title     = {Conference Record of Third Annual ACM Symposium on Theory
               of Computing, 1971, Shaker Heights, Ohio, USA},
  booktitle = {STOC},
  publisher = {ACM},
  year      = {1971},
  bibsource = {DBLP, http://dblp.uni-trier.de}
}



@book{Gallier,
  author    = {Jean H. Gallier},
  title     = {Logic for Computer Science: Foundations of Automatic Theorem
               Proving},
  publisher = {Harper {\&} Row},
  year      = {1986},
  isbn      = {0-06-042225-4},
  bibsource = {DBLP, http://dblp.uni-trier.de}
}



@inproceedings{AnantharamanLLNR09,
  author    = {Siva Anantharaman and
               Hai Lin and
               Christopher Lynch and
               Paliath Narendran and
               Micha{\"e}l Rusinowitch},
  title     = {Unification Modulo Homomorphic Encryption},
  booktitle = {FroCos},
  year      = {2009},
  pages     = {100-116},
  ee        = {http://dx.doi.org/10.1007/978-3-642-04222-5_6},
  crossref  = {DBLP:conf/frocos/2009},
  bibsource = {DBLP, http://dblp.uni-trier.de}
}



@proceedings{DBLP:conf/frocos/2009,
  editor    = {Silvio Ghilardi and
               Roberto Sebastiani},
  title     = {Frontiers of Combining Systems, 7th International Symposium,
               FroCoS 2009, Trento, Italy, September 16-18, 2009. Proceedings},
  booktitle = {FroCoS},
  publisher = {Springer},
  series    = {Lecture Notes in Computer Science},
  volume    = {5749},
  year      = {2009},
  isbn      = {978-3-642-04221-8},
  ee        = {http://dx.doi.org/10.1007/978-3-642-04222-5},
  bibsource = {DBLP, http://dblp.uni-trier.de}
}

                



@incollection{BaaderSnyd-01,
  author    = {Franz Baader and
               Wayne Snyder},
  title     = {Unification Theory},
  booktitle = {Handbook of Automated Reasoning},
  year      = {2001},
  pages     = {445-532},
  crossref  = {DBLP:books/el/RobinsonV01},
  bibsource = {DBLP, http://dblp.uni-trier.de}
}


@book{DBLP:books/el/RobinsonV01,
  editor    = {John Alan Robinson and
               Andrei Voronkov},
  title     = {Handbook of Automated Reasoning (in 2 volumes)},
  publisher = {Elsevier and MIT Press},
  year      = {2001},
  isbn      = {0-444-50813-9, 0-262-18223-8},
  bibsource = {DBLP, http://dblp.uni-trier.de}
}



@article{DBLP:journals/jsc/Contejean93,
  author    = {Evelyne Contejean},
  title     = {Solving *-Problems Modulo Distributivity by a Reduction
               to {AC1}-Unification},
  journal   = {J. Symb. Comput.},
  volume    = {16},
  number    = {5},
  year      = {1993},
  pages     = {493-521},
  bibsource = {DBLP, http://dblp.uni-trier.de}
}



@inproceedings{DBLP:conf/icalp/Contejean93,
  author    = {Evelyne Contejean},
  title     = {A Partial Solution for {D}-Unification Based on a Reduction
               to {AC1}-Unification},
  booktitle = {ICALP},
  year      = {1993},
  pages     = {621-632},
  ee        = {http://dx.doi.org/10.1007/3-540-56939-1_107},
  crossref  = {DBLP:conf/icalp/1993},
  bibsource = {DBLP, http://dblp.uni-trier.de}
}



@proceedings{DBLP:conf/icalp/1993,
  editor    = {Andrzej Lingas and
               Rolf G. Karlsson and
               Svante Carlsson},
  title     = {Automata, Languages and Programming, 20nd International
               Colloquium, ICALP93, Lund, Sweden, July 5-9, 1993, Proceedings},
  booktitle = {ICALP},
  publisher = {Springer},
  series    = {Lecture Notes in Computer Science},
  volume    = {700},
  year      = {1993},
  isbn      = {3-540-56939-1},
  bibsource = {DBLP, http://dblp.uni-trier.de}
}





@inproceedings{JoKi,
  author    = {Jean-Pierre Jouannaud and
               Claude Kirchner},
  title     = {Solving Equations in Abstract Algebras: A Rule-Based Survey
               of Unification},
  booktitle = {Computational Logic - Essays in Honor of Alan Robinson},
  year      = {1991},
  pages     = {257-321},
  bibsource = {DBLP, http://dblp.uni-trier.de}
}





@article{Tiden87,
  author    = {Erik Tid{\'e}n and
                	Stefan Arnborg},
  title     = {Unification Problems with One-Sided Distributivity},
  journal   = {Journal of Symbolic Computation},
  volume    = {3},
  number    = {1/2},
  year      = {1987},
  pages     = {183-202},
  bibsource = {DBLP, http://dblp.uni-trier.de}
}



@article{SS98dist,
  author    = {Manfred Schmidt-Schau{\ss}},
  title     = {A Decision Algorithm for Distributive Unification},
  journal   = {Theor. Comput. Science},
  volume    = {208},
  number    = {1-2},
  year      = {1998},
  pages     = {111-148},
  bibsource = {DBLP, http://dblp.uni-trier.de}
}


@article{SS89,
 author = {Manfred Schmidt-Schau{\ss}},
 title = {Unification in a combination of arbitrary disjoint equational theories},
 journal = {Journal of Symbolic Computation},
 volume = {8},
 issue = {1-2},
 month = {July},
 year = {1989},
 issn = {0747-7171},
 pages = {51--99},
 numpages = {49},
 acmid = {70573},
 publisher = {Academic Press, Inc.},
 address = {Duluth, MN, USA},
} 

@Book{Snyder91,
 title = {A Proof Theory for General Unification},
 publisher = {Birkhauser},
 year = {1991},
 author = {Wayne Snyder},
 ALTALTeditor = {},
 OPTkey = {},
 volume = {11},
 OPTnumber = {},
 series = {Progress in Computer Science and Applied Logic},
 OPTaddress = {},
 OPTedition = {},
 OPTmonth = {},
 OPTnote = {},
 OPTannote = {},
 OPTurl = {},
 OPTdoi = {},
 OPTissn = {},
 OPTlocalfile = {},
 OPTabstracts = {},
}

@unpublished{ALLNR-capunif,
  author    = {Siva Anantharaman and
               Hai Lin and
               Christopher Lynch and
               Paliath Narendran and
               Micha{\"e}l Rusinowitch},
  title     = {Cap unification},
  year      = {April 2010},
  note      = {To be presented at ASIACCS-2010, Beijing, China}
}

               





@Inproceedings{KNW03a,
  author    = {Deepak Kapur and
               Paliath Narendran and
               Lida Wang},
  title     = {An {E}-unification Algorithm for Analyzing Protocols That
               Use Modular Exponentiation},
  booktitle = {Rewriting Techniques and Applications},
  year      = {2003},
  pages     = {165-179},
  ee        = {http://link.springer.de/link/service/series/0558/bibs/2706/27060165.htm},
  crossref  = {DBLP:conf/rta/2003},
  bibsource = {DBLP, http://dblp.uni-trier.de}
}



@proceedings{DBLP:conf/rta/2003,
  editor    = {Robert Nieuwenhuis},
  title     = {Rewriting Techniques and Applications, 14th International
               Conference, RTA 2003, Valencia, Spain, June 9-11, 2003,
               Proceedings},
  booktitle = {Rewriting Techniques and Applications},
  publisher = {Springer},
  series    = {Lecture Notes in Computer Science},
  volume    = {2706},
  year      = {2003},
  isbn      = {3-540-40254-3},
  bibsource = {DBLP, http://dblp.uni-trier.de}
}







@inproceedings{KNW03b,
author = {Deepak Kapur and Paliath Narendran and Lida Wang},
title = {Undecidability of unification over two theories of modular
 exponentiation.},
booktitle = {Seventeenth International Workshop on Unification (UNIF-2003), Valencia, Spain},
year = {2003}

}



@INPROCEEDINGS{Narendran93onthe,
    author = {P. Narendran and F. Pfenning and R. Statman},
    title = {On the Unification Problem for Cartesian Closed Categories},
    booktitle = {Proceedings, Eighth Annual IEEE Symposium on Logic in Computer Science},
    year = {1993},
    pages = {57--63},
    publisher = {IEEE Computer Society Press}
}

@article{NarendranPS97,
  author    = {Paliath Narendran and
               Frank Pfenning and
               Richard Statman},
  title     = {On the Unification Problem for Cartesian Closed Categories},
  journal   = {J. Symbolic Logic},
  volume    = {62},
  number    = {2},
  year      = {1997},
  pages     = {636-647},
  ee        = {http://projecteuclid.org/euclid.jsl/1183745248},
  bibsource = {DBLP, http://dblp.uni-trier.de}
}


@INPROCEEDINGS{escobar-meadows-meseguer-secret,
     AUTHOR = {S. Escobar and C. Meadows and J. Meseguer},
     TITLE = {Equational Cryptographic Reasoning in the 
           {Maude-NRL} Protocol Analyzer},
     BOOKTITLE = {Proc. 1st International Workshop on Security and 
             Rewriting Techniques (SecReT 2006)},
       YEAR = {2007},
       PAGES = {23--36},
     PUBLISHER = {ENTCS 171(4), Elsevier},
}



@ARTICLE{escobar-meadows-meseguer-tcs,
     AUTHOR = {S. Escobar and C. Meadows and J. Meseguer},
     TITLE = {A Rewriting-Based Inference System for the {NRL} Protocol 
Analyzer and its Meta-Logical Properties},
    Journal = {Theoretical Computer Science},
          VOLUME = {367},
      NUMBER = {1--2},
      PAGES = {162--202},
      YEAR = {2006}
}



@inproceedings{esorics08,
  author    = {Santiago Escobar and
               Catherine Meadows and
               Jos{\'e} Meseguer},
  title     = {State Space Reduction in the Maude-NRL Protocol Analyzer},
  booktitle = {Proc. ESORICS 2008},
  year      = {2008},
  pages     = {548-562},
  publisher = {Springer},
  series    = {LNCS},
  volume    = {5283},
  year      = {2008}
}



@article{DBLP:journals/corr/abs-cs-0610014,
  author    = {Max Tuengerthal and
               Ralf K{\"u}sters and
               Mathieu Turuani},
  title     = {Implementing a Unification Algorithm for Protocol Analysis
               with XOR},
  journal   = {CoRR},
  volume    = {abs/cs/0610014},
  year      = {2006},
  ee        = {http://arxiv.org/abs/cs/0610014},
  bibsource = {DBLP, http://dblp.uni-trier.de}
}



@book{Boyd03,
  author    = {Colin Boyd and Anish Mathuria},
  title     = {Protocols For {K}ey {E}stablishment And {A}uthentication},
  publisher = {Springer},
  year      = {2002},
  isbn      = {9783540431077}
}



@incollection {Kapur05,
   author = {Kapur, Deepak and Narendran, Paliath and Wang, Lida},
   title = {A Unification Algorithm for Analysis of Protocols with Blinded Signatures},
   booktitle = {Mechanizing Mathematical Reasoning},
   series = {Lecture Notes in Computer Science},
   publisher = {Springer Berlin / Heidelberg},
   pages = {433-451},
   volume = {2605},
   year = {2005}
}



@inproceedings{EscobarMM-fosad,
  author    = {Santiago Escobar and
               Catherine Meadows and
               Jos{\'e} Meseguer},
  title     = {{M}aude-{NPA}: Cryptographic Protocol Analysis Modulo Equational
               Properties},
  booktitle = {Foundations of Security Analysis and Design V, FOSAD 2007/2008/2009
               Tutorial Lectures},
  year      = {2009},
  pages     = {1-50},
  publisher = {Springer},
  series    = {Lecture Notes in Computer Science},
  volume    = {5705},
}




@inproceedings{Baader04anew,
    author = {Franz Baader and Silvio Ghilardi and Cesare Tinelli},
    title = {A New Combination Procedure for the Word Problem that Generalizes Fusion Decidability Results in Modal Logics},
    booktitle = {David A. Basin and Micha{\"e}l Rusinowitch, editors, IJCAR 04},
    year = {2004},
    pages = {183--197},
    publisher = {Springer-Verlag}
}

@article{Boudet1993597,
 author = {Alexandre Boudet},
 title = {Combining Unification Algorithms},
 journal = {Journal of Symbolic Computation},
 volume = {16},
 number = {6},
 year = {1993},
 pages = {597--626}
} 


@incollection {Manfred88,
   author = {Schmidt-SchauB, Manfred},
   title = {Unification in a combination of arbitrary disjoint equational theories},
   booktitle = {9th International Conference on Automated Deduction},
   series = {Lecture Notes in Computer Science},
   editor = {Lusk, Ewing and Overbeek, Ross},
   publisher = {Springer Berlin / Heidelberg},
   isbn = {978-3-540-19343-2},
   keyword = {Computer Science},
   pages = {378-396},
   volume = {310},
   year = {1988}
}

@INPROCEEDINGS{Ringeissen92unificationin,
    author = {Christophe Ringeissen},
    title = {Unification in a combination of equational theories with shared constants and its application to Primal Algebras},
    booktitle = {The 1st International Conference on Logic Programming and Automated Reasoning, volume 624 of LNAI},
    year = {1992},
    pages = {261--272},
    publisher = {Springer}
}

@Unpublished{Basil12,
author = {Chris Bouchard and Peter Hibbs and Andrew Matusiewicz},
title = {Generating Partitions Under Constraints},
note = {In Progress}
}

@article{Erbatur11,
  author  = {Serdar Erbatur and Andrew M. Marshall and Deepak Kapur and Paliath Narendran},
  title   = {Unification over Distributive Exponentiation (Sub)Theories},
  journal = {Journal of Automata, Languages and Combinatorics (JALC)},
  year    = 2011,
  volume  = 16,
  number  = {2--4},
  pages   = {109--140}
}


@article{Gallier1989,
	Author = {Jean H. Gallier and Wayne Snyder},
	Doi = {10.1016/0304-3975(89)90004-2},
	Issn = {0304-3975},
	Journal = {Theoretical Computer Science},
	Number = {2--3},
	Pages = {203 - 260},
	Title = {Complete sets of transformations for general {E}-unification},
	Volume = {67},
	Year = {1989}
	}


@article{Moraeska07,
	Author = {Morawska Barbara},
	Issn = {0168-7433},
	Issue = {1},
	Journal = {Journal of Automated Reasoning},
	Pages = {77-106},
	Publisher = {Springer Netherlands},
	Title = {General {E}-unification with Eager Variable Elimination and a Nice Cycle Rule},
	Volume = {39},
	Year = {2007}
	}
	
	
@article{Dougherty92,
 author = {Dougherty, Daniel J. and Johann, Patricia},
 title = {An improved general {E}-unification method},
 journal = {Journal of Symbolic Computation},
 issue_date = {Oct. 1992},
 volume = {14},
 number = {4},
 year = {1992},
 issn = {0747-7171},
 pages = {303--320},
 numpages = {18},
 publisher = {Academic Press, Inc.}
} 

@article{Huet1980,
  author    = {G{\'e}rard P. Huet},
  title     = {Confluent Reductions: Abstract Properties and Applications
               to Term Rewriting Systems},
  journal   = {Journal of the ACM (JACM)},
  volume    = {27},
  number    = {4},
  year      = {1980},
  pages     = {797-821},
  ee        = {http://doi.acm.org/10.1145/322217.322230},
  bibsource = {DBLP, http://dblp.uni-trier.de}
}


@inproceedings{AnantharamanELNR12,
  author    = {Siva Anantharaman and
               Serdar Erbatur and
               Christopher Lynch and
               Paliath Narendran and
               Micha{\"e}l Rusinowitch},
  title     = {Unification Modulo Synchronous Distributivity},
  booktitle = {IJCAR},
  year      = {2012},
  pages     = {14-29},
  crossref  = {DBLP:conf/cade/2012}
}
@proceedings{DBLP:conf/cade/2012,
  editor    = {Bernhard Gramlich and
               Dale Miller and
               Uli Sattler},
  title     = { The International Joint Conference on Automated Reasoning,
               (IJCAR 2012)},
  booktitle = {IJCAR},
  publisher = {Springer},
  series    = {LNCS},
  volume    = {7364},
  year      = {2012},
  isbn      = {978-3-642-31364-6},
  ee        = {http://dx.doi.org/10.1007/978-3-642-31365-3},
  bibsource = {DBLP, http://dblp.uni-trier.de}
}

@inproceedings{Tiden1986,
 author = {Tid{\'e}n, Erik},
 title = {Unification in Combinations of Collapse-Free Theories with Disjoint Sets of Function Symbols},
 booktitle = {Proceedings of the 8th International Conference on Automated Deduction},
 year = {1986},
 pages = {431--449},
 numpages = {19},
 acmid = {751963},
 publisher = {Springer-Verlag}
} 

@article{Yelick87,
 author = {Yelick, Katherine A.},
 title = {Unification in combinations of collapse-free regular theories},
 journal = {Journal of Symbolic Computation},
 volume = {3},
 number = {1-2},
 year = {1987},
 pages = {153--181}
} 

@article{Burckert1989,
 author = {B\"{u}rckert, Hans-J\"{u}rgen and Herold, Alexander and Schmidt-Schau{\ss}, Manfred},
 title = {On equational theories, unification, and (Un)decidability},
 journal = {Journal of Symbolic Computation},
 volume = {8},
 number = {1-2},
 month = jul,
 year = {1989},
 pages = {3--49},
 numpages = {47}
} 

@inproceedings{AnantharamanBNR12,
  author    = {Siva Anantharaman and
               Christopher Bouchard and
               Paliath Narendran and
               Micha{\"e}l Rusinowitch},
  title     = {Unification Modulo Chaining},
  booktitle = {Language and Automata Theory and Applications},
  publisher = {Springer},
  series    = {LNCS},
  volume    = {7183},
  year      = {2012},
  pages     = {70-82}
}


@article{JouannaudT08,
  author    = {Jean-Pierre Jouannaud and
               Yoshihito Toyama},
  title     = {Modular Church-Rosser Modulo: The Complete Picture},
  journal   = {Int. J. Software and Informatics},
  volume    = {2},
  number    = {1},
  year      = {2008},
  pages     = {61-75},
  ee        = {http://www.ijsi.org/ch/reader/view_abstract.aspx?file_no=200861{\&}flag=1},
  bibsource = {DBLP, http://dblp.uni-trier.de}
}

@InProceedings{Erbatur13a,
author = {Serdar Erbatur and Santiago Escobar and Deepak Kapur and Zhiqiang Liu and Christophr Lynch
and Catherine Meadows and Jos\'{e} Meseguer and Paliath Narendran and Ralf Sasse},
title = {Asymmetric {U}nification: {A} {N}ew {U}nification {P}aradigm for {C}ryptographic {P}rotocol {A}nalysis},
booktitle = {24th {I}nternational {C}onference on {A}utomated {D}eduction (CADE24)},
year = {2013},
volume = {7898},
OPTnumber = {â€¢},
series = {LNCS},
publisher = {Springer}
}

@inproceedings{Matsumoto86,
  author    = {Tsutomu Matsumoto and
                      Youichi Takashima and
                      Hideki Imai},
  title     = {On seeking smart public-key-distribution systems},
  booktitle = {Transactions of the {IECE} of {J}apan },
  publisher = {},
  series    = {E69},
  volume    = {2},
  year      = {1986},
  pages     = {99-106}
}

@INPROCEEDINGS{CKirchnerLICS86,
  AUTHOR = {Kirchner, Claude},
  BOOKTITLE = {Proceedings 1st IEEE Symposium on Logic in Computer
		   Science, Cambridge (Mass., USA)},
  DATE-MODIFIED = {2007-03-03 07:59:25 +0100},
  KEYWORDS = {unification, unification modulo, syntactic theory, resolvant presentation},
  PAGES = {206--216},
  TITLE = {Computing unification algorithms},
  YEAR = 1986
}

@incollection{Boudet92,
year={1992},
isbn={978-3-540-55873-6},
booktitle={Algebraic and Logic Programming},
volume={632},
series={Lecture Notes in Computer Science},
editor={Kirchner, H\'{e}l\`{e}ne and Levi, Giorgio},
doi={10.1007/BFb0013843},
title={On n-syntactic equational theories},
url={http://dx.doi.org/10.1007/BFb0013843},
publisher={Springer Berlin Heidelberg},
author={Boudet, Alexandre and Contejean, Evelyne},
pages={446-457}
}

@incollection{Jouannaud90,
year={1990},
isbn={978-3-540-52953-8},
booktitle={Mathematical Foundations of Computer Science 1990},
volume={452},
series={Lecture Notes in Computer Science},
editor={Rovan, Branislav},
doi={10.1007/BFb0029593},
title={Syntactic theories},
url={http://dx.doi.org/10.1007/BFb0029593},
publisher={Springer Berlin Heidelberg},
author={Jouannaud, Jean-Pierre},
pages={15-25}
}

@INPROCEEDINGS{Kirchner90,
author={Kirchner, C. and Klay, F.},
booktitle={Logic in Computer Science, 1990. LICS '90, Proceedings., Fifth Annual IEEE Symposium on Logic in Computer Science},
title={Syntactic theories and unification},
year={1990},
month={Jun},
pages={270-277},
doi={10.1109/LICS.1990.113753},}

@INPROCEEDINGS{Nipkow90,
author={Nipkow, T.},
booktitle={Logic in Computer Science, 1990. LICS '90, Proceedings., Fifth Annual IEEE Symposium on  Logic in Computer Science},
title={Proof Transformations for Equational Theories},
year={1990},
month={Jun},
pages={278-288}
}



@article{Stickel1981,
 author = {Stickel, Mark E.},
 title = {A Unification Algorithm for Associative-Commutative Functions},
 journal = {J. ACM},
 issue_date = {July 1981},
 volume = {28},
 number = {3},
 month = jul,
 year = {1981},
 issn = {0004-5411},
 pages = {423--434},
 numpages = {12},
 url = {http://doi.acm.org/10.1145/322261.322262},
 doi = {10.1145/322261.322262},
 acmid = {322262},
 publisher = {ACM},
 address = {New York, NY, USA}
}


@article{Fages1987,
 author = {Fages, Fran\c{c}ois},
 title = {Associative-commutative Unification},
 journal = {J. Symb. Comput.},
 issue_date = {June 1987},
 volume = {3},
 number = {3},
 month = jun,
 year = {1987},
 issn = {0747-7171},
 pages = {257--275},
 numpages = {19},
 url = {http://dx.doi.org/10.1016/S0747-7171(87)80004-4},
 doi = {10.1016/S0747-7171(87)80004-4},
 acmid = {34793},
 publisher = {Academic Press, Inc.},
 address = {Duluth, MN, USA}
} 


@article{Herold1987,
year={1987},
issn={0168-7433},
journal={Journal of Automated Reasoning},
volume={3},
number={3},
doi={10.1007/BF00243791},
title={Unification in Abelian semigroups},
url={http://dx.doi.org/10.1007/BF00243791},
publisher={Kluwer Academic Publishers},
keywords={Unification; associativity; commutativity; Abelian monoids; Abelian semigroups; automated theorem proving},
author={Herold, Alexander and Siekmann, J\"{o}rg .},
pages={247-283},
language={English}
}



@PHDTHESIS{Kirchner1985,
  ADDRESS = {Nancy},
  AUTHOR = {Kirchner, Claude},
  DATE-MODIFIED = {2007-07-28 10:37:00 +0200},
  KEYWORDS = {unification, unification modulo, surreduction, narrowing},
  LOCAL-URL = {papers/Kirchner/1985/00.pdf},
  MONTH = {21 juin},
  SCHOOL = {{U}niversit{\'e} {H}enri {P}oincar{\'e} -- {N}ancy~1},
  TITLE = {M\'{e}thods et {O}utils de {C}onception {S}yst\'{e}matique d'{A}lgorithmes d'{U}nification dans les {T}h\'{e}ories {E}quationnelles},
  TYPE = {{T}h\`ese de {D}octorat d'{E}tat},
  YEAR = 1985
}



@InProceedings{Herold1986,
author = {Herold, A.},
title = {Combination of {U}nification {A}lgorithms},
booktitle = {8th International Conference on Automated Deduction (CADE)},
pages = {450-469},
year = {1986},
editor = {Siekmann, J\"{o}rg},
volume = {230},
series = {Lecture Notes in Computer Science},
publisher = {Springer Berlin Heidelberg}
}


@inproceedings{Erbatur13b,
  author    = {Serdar Erbatur and
               Deepak Kapur and
               Andrew M. Marshall and
               Paliath Narendran and
               Christophe Ringeissen},
  editor    = {Maria Paola Bonacina},
  title     = {Hierarchical Combination},
  booktitle = {Automated Deduction - {CADE-24} - 24th International Conference on
               Automated Deduction, Lake Placid, NY, USA, June 9-14, 2013. Proceedings},
  series    = {Lecture Notes in Computer Science},
  volume    = {7898},
  pages     = {249--266},
  publisher = {Springer},
  year      = {2013}
}



@incollection{Bouchard13,
year={2013},
isbn={978-3-642-40884-7},
booktitle={Frontiers of Combining Systems},
volume={8152},
series={Lecture Notes in Computer Science},
editor={Fontaine, Pascal and Ringeissen, Christophe and Schmidt, Renate A.},
title={On Forward Closure and the Finite Variant Property},
publisher={Springer Berlin Heidelberg},
author={Bouchard, Christopher and Gero, Kimberly A. and Lynch, Christopher and Narendran, Paliath},
pages={327-342}
}


@inproceedings{SiekmannS82,
  author    = {J{\"{o}}rg H. Siekmann and
               Peter Szab{\'{o}}},
  title     = {Universal Unification},
  booktitle = {GWAI-82, 6th German Workshop on Artificial Intelligence, Bad Honnef,
               September 27 - October 1, 1982, Proceedings},
  pages     = {102--141},
  year      = {1982},
  editor    = {Wolfgang Wahlster},
  series    = {Informatik-Fachberichte},
  volume    = {58},
  publisher = {Springer}
}

@inproceedings{Hullot80,
  author    = {Jean{-}Marie Hullot},
  title     = {Canonical Forms and Unification},
  booktitle = {5th Conference on Automated Deduction, Les Arcs, France, July 8-11,
               1980, Proceedings},
  pages     = {318--334},
  year      = {1980},
  editor    = {Wolfgang Bibel and
               Robert A. Kowalski},
  series    = {Lecture Notes in Computer Science},
  volume    = {87},
  publisher = {Springer}}

@inproceedings{Ringeissen03,
  author    = {Christophe Ringeissen},
  title     = {Matching in a Class of Combined Non-disjoint Theories},
  booktitle = {Automated Deduction - CADE-19, 19th International Conference on Automated
               Deduction Miami Beach, FL, USA, July 28 - August 2, 2003, Proceedings},
  pages     = {212--227},
  year      = {2003},
  editor    = {Franz Baader},
  series    = {Lecture Notes in Computer Science},
  volume    = {2741},
  publisher = {Springer}
}

@inproceedings{EKMNR2014,
	author = {Serdar Erbatur and Deepak Kapur and Andrew M. Marshall and Paliath Narendran and Christophe Ringeissen},
	title = {Hierarchical Combination of Matching Algorithms},
	booktitle = {Twentyeighth International Workshop on Unification (UNIF-2014), Vienna, Austria},
	year = {2014}
	
}


@article{DBLP:journals/tcs/AbadiC06,
  author    = {Mart{\'{\i}}n Abadi and
               V{\'{e}}ronique Cortier},
  title     = {Deciding knowledge in security protocols under equational theories},
  journal   = {Theor. Comput. Sci.},
  volume    = {367},
  number    = {1-2},
  pages     = {2--32},
  year      = {2006}
 }

@inproceedings{DBLP:conf/birthday/Comon-LundhT03,
  author    = {Hubert Comon{-}Lundh and
               Ralf Treinen},
  editor    = {Nachum Dershowitz},
  title     = {Easy Intruder Deductions},
  booktitle = {Verification: Theory and Practice, Essays Dedicated to Zohar Manna
               on the Occasion of His 64th Birthday},
  series    = {Lecture Notes in Computer Science},
  volume    = {2772},
  pages     = {225--242},
  publisher = {Springer},
  year      = {2003}
 }
 
 @TechReport{Chadha15,
 author = {Rohit Chadha and Vincent Cheval and Stefan Ciobaca
 and Steve Kremer},
 title = {Automated Verification of Equivalence Properties of 
 Cryptographic Protocols},
 institution = {INRIA},
 year = {2015},
 OPTkey = {â€¢},
 OPTtype = {â€¢},
 number = {inria-00632564v4},
 address = {https://hal.inria.fr},
 OPTmonth = {â€¢},
 OPTnote = {â€¢},
 OPTannote = {â€¢}
 }

@article{DBLP:journals/tocl/ChadhaCCK16,
  author    = {Rohit Chadha and
               Vincent Cheval and
               \c{S}tefan Ciob\^ac\u{a} and
               Steve Kremer},
  title     = {Automated Verification of Equivalence Properties of Cryptographic
               Protocols},
  journal   = {{ACM} Trans. Comput. Log.},
  volume    = {17},
  number    = {4},
  pages     = {23:1--23:32},
  year      = {2016},
  note       = {Available as Research Report at https://hal.inria.fr}
 }


@Article{Cortier2010,
author="Cortier, V{\'e}ronique
and Delaune, St{\'e}phanie",
title="Decidability and Combination Results for Two Notions of Knowledge in Security Protocols",
journal="Journal of Automated Reasoning",
year="2010",
volume="48",
number="4",
pages="441--487",
doi="10.1007/s10817-010-9208-8",
url="http://dx.doi.org/10.1007/s10817-010-9208-8"
}

@article{poodle,
title = {{SSL} Broken, Again, in {POODLE} Attack},
author = {Peter Bright},
journal = {Arstechnica},
month = {October 15},
year  = {2014},
url = {http://arstechnica.com/security/2014/10/ssl-broken-again-in-poodle-attack/}
}

@misc{SSLv3,
title = {The Secure Sockets Layer ({SSL}) Protocol Version 3.0},
howpublished = {Internet Engineering Task Force RFC 6101},
author = {A. Freier and P. Karlton and P. Kocher},
month = {August},
year = {2011}
}

@InProceedings{Bellovin1992,
author = {S. M. Bellovin and M. Merritt},
title = {Encrypted key exchange: password-based protocols secure against dictionary attacks},
booktitle = {Research in Security and Privacy},
pages = {72 - 84},
year = {1992},
publisher = {IEEE}
}

@Misc{frocos,
OPTkey = {â€¢},
OPTauthor = {â€¢},
title = {The International Symposium on Frontiers of Combining Systems},
OPThowpublished = {â€¢},
OPTmonth = {â€¢},
OPTyear = {â€¢},
note = {http://frocos.cs.uiowa.edu/},
OPTannote = {â€¢}
}

@inproceedings{DBLP:conf/focs/DolevY81,
  author    = {Danny Dolev and
               Andrew Chi{-}Chih Yao},
  title     = {On the Security of Public Key Protocols (Extended Abstract)},
  booktitle = {22nd Annual Symposium on Foundations of Computer Science, Nashville,
               Tennessee, USA, 28-30 October 1981},
  pages     = {350--357},
  publisher = {{IEEE} Computer Society},
  year      = {1981}
 }

@inproceedings{DBLP:conf/fosad/ModersheimV09,
  author    = {Sebastian M{\"{o}}dersheim and
               Luca Vigan{\`{o}}},
  title     = {The Open-Source Fixed-Point Model Checker for Symbolic Analysis of
               Security Protocols},
  booktitle = {Foundations of Security Analysis and Design V, {FOSAD} 2007/2008/2009
               Tutorial Lectures},
  series    = {Lecture Notes in Computer Science},
  volume    = {5705},
  pages     = {166--194},
  publisher = {Springer},
  year      = {2009}
}

@inproceedings{DBLP:conf/csfw/Blanchet01,
  author    = {Bruno Blanchet},
  title     = {An Efficient Cryptographic Protocol Verifier Based on Prolog Rules},
  booktitle = {14th {IEEE} Computer Security Foundations Workshop {(CSFW-14} 2001),
               11-13 June 2001, Cape Breton, Nova Scotia, Canada},
  pages     = {82--96},
  publisher = {{IEEE} Computer Society},
  year      = {2001}
 }


@inproceedings{DBLP:conf/csfw/SchmidtMCB12,
  author    = {Benedikt Schmidt and
               Simon Meier and
               Cas J. F. Cremers and
               David A. Basin},
  editor    = {Stephen Chong},
  title     = {{Automated Analysis of Diffie-Hellman Protocols and Advanced Security
               Properties}},
  booktitle = {25th {IEEE} Computer Security Foundations Symposium, {CSF} 2012, Cambridge,
               MA, USA, June 25-27, 2012},
  pages     = {78--94},
  publisher = {{IEEE} Computer Society},
  year      = {2012}
}


@inproceedings{DBLP:conf/fosad/EscobarMM07,
  author    = {Santiago Escobar and
               Catherine A. Meadows and
               Jos{\'{e}} Meseguer},
  title     = {{M}aude-{NPA}: Cryptographic Protocol Analysis Modulo Equational Properties},
  booktitle = {Foundations of Security Analysis and Design V, {FOSAD} 2007/2008/2009
               Tutorial Lectures},
  series    = {Lecture Notes in Computer Science},
  volume    = {5705},
  pages     = {1--50},
  publisher = {Springer},
  year      = {2007}
}

@inproceedings{DBLP:conf/cav/Cremers08,
  author    = {Cas J. F. Cremers},
  editor    = {Aarti Gupta and
               Sharad Malik},
  title     = {The {Scyther} Tool: Verification, Falsification, and Analysis of Security
               Protocols},
  booktitle = {Computer Aided Verification, 20th International Conference, {CAV}
               2008, Princeton, NJ, USA, July 7-14, 2008, Proceedings},
  series    = {Lecture Notes in Computer Science},
  volume    = {5123},
  pages     = {414--418},
  publisher = {Springer},
  year      = {2008}
}

@inproceedings{Abadi2001,
 author = {Abadi, Mart\'{\i}n and Fournet, C{\'e}dric},
 title = {Mobile Values, New Names, and Secure Communication},
 booktitle = {Proceedings of the 28th ACM SIGPLAN-SIGACT Symposium on Principles of Programming Languages},
 series = {POPL'01},
 year = {2001},
 isbn = {1-58113-336-7},
 location = {London, United Kingdom},
 pages = {104--115},
 numpages = {12},
 url = {http://doi.acm.org/10.1145/360204.360213},
 doi = {10.1145/360204.360213},
 acmid = {360213},
 publisher = {ACM},
 address = {New York, NY, USA}
} 

@Article{Paulson98,
author = {Paulson, Lawrence C.},
title = {The inductive approach to verifying cryptographic protocols},
journal = {Computer Security},
year = {1998},
OPTkey = {â€¢},
volume = {6},
OPTnumber = {â€¢},
pages = {85â€“128},
OPTmonth = {â€¢},
OPTnote = {â€¢},
OPTannote = {â€¢}
}

@inproceedings{Millen:2001:CSB:501983.502007,
 author = {Millen, Jonathan and Shmatikov, Vitaly},
 title = {Constraint Solving for Bounded-process Cryptographic Protocol Analysis},
 booktitle = {Proceedings of the 8th ACM Conference on Computer and Communications Security},
 series = {CCS'01},
 year = {2001},
 isbn = {1-58113-385-5},
 location = {Philadelphia, PA, USA},
 pages = {166--175},
 numpages = {10},
 url = {http://doi.acm.org/10.1145/501983.502007},
 doi = {10.1145/501983.502007},
 acmid = {502007},
 publisher = {ACM},
 address = {New York, NY, USA}
} 

@InProceedings{Abadi2006,
author="Abadi, Mart{\'i}n
and Baudet, Mathieu
and Warinschi, Bogdan",
editor="Aceto, Luca
and Ing{\'o}lfsd{\'o}ttir, Anna",
title="Guessing Attacks and the Computational Soundness of Static Equivalence",
booktitle="Foundations of Software Science and Computation Structures: 9th International Conference, FOSSACS 2006, Held as Part of the Joint European Conferences on Theory and Practice of Software, ETAPS 2006, Vienna, Austria",
year="2006",
publisher="Springer Berlin Heidelberg",
address="Berlin, Heidelberg",
pages="398--412",
isbn="978-3-540-33046-2",
doi="10.1007/11690634_27",
url="http://dx.doi.org/10.1007/11690634_27"
}


@inproceedings{erbatur:hal-01206669,
  TITLE = {{Unification and Matching in Hierarchical Combinations of Syntactic Theories}},
  AUTHOR = {Erbatur, Serdar and Kapur, Deepak and Marshall, Andrew M. and Narendran, Paliath and Ringeissen, Christophe},
  URL = {https://hal.inria.fr/hal-01206669},
  BOOKTITLE = {{10th International Symposium, FroCoS 2015}},
  ADDRESS = {Wroclaw, Poland},
  EDITOR = {Carsten Lutz and Silvio Ranise},
  PUBLISHER = {{Springer}},
  SERIES = {Lecture Notes in Computer Science},
  VOLUME = {9322},
  PAGES = {291--306},
  YEAR = {2015}
}
 